\bibliographystyle{unsrtnat}
\bibliography{bibfile}


@techreport{rf9,
  title={Simulation models of forest resource management},
  author={Pelz, Dieter R},
  year={1977},
  institution={Institute of Electrical and Electronics Engineers (IEEE)}
}

@inproceedings{rf15,
  title={Computer simulation of tree mapping approach to project the future growth of forest},
  author={Yahya, Yasmin and Ismail, Roslan},
  booktitle={Proceedings of the 11th International Conference on Ubiquitous Information Management and Communication},
  pages={1--7},
  year={2017}
}