@article{rf1,
   author={Aguilar, Fernando and Nemmaoui, Abderrahim and M.A., Aguilar and ROMEO, ALBERTO},
   title={FUSIÓN DE NUBES DE PUNTOS DE ESCÁNER LÁSER TERRESTRE Y FOTOGRAMETRÍA AÉREA BASADA EN IMÁGENES DE DRONES PARA EL INVENTARIO DE BOSQUES MEDITERRÁNEOS},
   journal={Dyna (Bilbao)},
   year = {2019},
   month = {03},
   pages = {131-136}
}

@article{rf2,

  author={RINC{\'O}N, Fabiola D Y{\'E}PEZ and GARC{\'I}A, Roberto E HUERTA and RAM{\'I}REZ, Nelly L and SERRATOb, Diego F and GARC{\'I}A, Johana M CARMONA and Freddy, X and GARZ{\'O}N, LASSO},
    title={EVALUACI{\'O}N DE TRES PRODUCTOS DE SENSORES REMOTOS PARA LA ACTUALIZACI{\'O}N DE INVENTARIOS DE {\'A}RBOLES URBANOS}
}

@article{rf3,
  title={Umbral adaptativo para la detecci{\'o}n de objetos en movimiento usando visi{\'o}n computacional},
  author={Vazquez, JF and Luna, CA},
  journal={Seminario Anual de Autom{\'a}tica, Electr{\'o}nica Industrial e Instrumentaci{\'o}n (SAAEI 05).(12: 2006: Santander, Espa{\~n}a)}
}


@Article{rf4,
author = {Gonzalez, Rafael C.},
title = {Digital Image Processing},
journal = {Addision-Wesley Publishing Company},
year = {1987},
}


@article{rf5,
	title={Entendiendo el big data: antecedentes, origen y desarrollo posterior},
	author={NI{\~N}O, MIKEL and ILLARRAMENDI, ARANTZA},
	journal={DYNA New Technologies},
	volume={2},
	number={1},
	year={2015}
}

@article{rf6,
	title={Visi{\'o}n computacional},
	author={Sucar, L Enrique and G{\'o}mez, Giovani},
	journal={Instituto Nacional de Astrof{\'\i}sica, {\'O}ptica y Electr{\'o}nica. M{\'e}xico},
	year={2011}
}